% Encoding: UTF-8

@Book{Kane1985,
  title =     {Dynamics: Theory and Applications},
  publisher = {McGraw-Hill Book Company, New York},
  year =      {1985},
  author =    {T.R. Kane and D.A. Levinson}
}

@book{Lun02,
AUTHOR={Lunze, J.},
TITLE={Regelungstechnik 2: Mehrgr��ensysteme, Digitale Regelung},
ADDRESS={Berlin},
PUBLISHER={Springer Verlag},
YEAR={2002}}

@Article{Njiri2016,
  author =    {J.G. Njiri and D. S{\"o}ffker},
  title =     {State-of-the-Art in Wind Turbine Control: Trends and Challenges},
  journal =   {Renewable and Sustainable Energy Reviews},
  year =      {2016},
  volume =    {60},
  pages =     {377-393},
  owner =     {Njiri},
  timestamp = {2016.02.18}
}

@article{edgar2015additive,
  title={Additive manufacturing technologies: 3D printing, rapid prototyping, and direct digital manufacturing},
  author={Edgar, Jonathan and Tint, Saxon},
  journal={Johnson Matthey Technology Review},
  volume={59},
  number={3},
  pages={193--198},
  year={2015},
  publisher={Johnson Matthey}
}

@article{classnotes,
  title={EMT 2540: Advanced Production Technology},
  author={Andanje},
  journal={JKUAT Mechatronic Engineering},
  volume={1},
  number={3},
  pages={121--135},
  year={2022},
  publisher={Maurine Andanje}
}